@proceedings{cnl2021proceedings,
    title = "Proceedings of the Seventh International Workshop on Controlled Natural Language (CNL 2020/21)",
    editor = "Kuhn, Tobias  and
      Spreeuwenberg, Silvie  and
      Hoppenbrouwers, Stijn  and
      Fuchs, Norbert E.",
    month = sep,
    year = "2021",
    address = "Amsterdam, Netherlands",
    publisher = "Special Interest Group on Controlled Natural Language",
    url = "https://aclanthology.org/2021.cnl-1.0",
}

@inproceedings{cnl2021jahchan,
    title = "Towards a More Natural Controlled Language in Future Airbus Cockpits. A Psycho-linguistic Evaluation",
    author = "Jahchan, Nataly  and
      Condamines, Anne  and
      Cannesson, Emmanuelle  and
      Giraudo, Helene",
    booktitle = "Proceedings of the Seventh International Workshop on Controlled Natural Language (CNL 2020/21)",
    month = sep,
    year = "2021",
    address = "Amsterdam, Netherlands",
    publisher = "Special Interest Group on Controlled Natural Language",
    url = "https://aclanthology.org/2021.cnl-1.1"
}

@inproceedings{cnl2021masciolini,
    title = "Grammar-Based Concept Alignment for Domain-Specific Machine Translation",
    author = "Masciolini, Arianna  and
      Ranta, Aarne",
    booktitle = "Proceedings of the Seventh International Workshop on Controlled Natural Language (CNL 2020/21)",
    month = sep,
    year = "2021",
    address = "Amsterdam, Netherlands",
    publisher = "Special Interest Group on Controlled Natural Language",
    url = "https://aclanthology.org/2021.cnl-1.2"
}

@inproceedings{cnl2021haralambous,
    title = "Tailoring a Controlled Language Out of a Corpus of Maintenance Reports",
    author = "Haralambous, Yannis  and
      Tian, Tian",
    booktitle = "Proceedings of the Seventh International Workshop on Controlled Natural Language (CNL 2020/21)",
    month = sep,
    year = "2021",
    address = "Amsterdam, Netherlands",
    publisher = "Special Interest Group on Controlled Natural Language",
    url = "https://aclanthology.org/2021.cnl-1.3"
}

@inproceedings{cnl2021marais,
    title = "Approximating a Zulu GF concrete syntax with a neural network for natural language understanding",
    author = "Marais, Laurette",
    booktitle = "Proceedings of the Seventh International Workshop on Controlled Natural Language (CNL 2020/21)",
    month = sep,
    year = "2021",
    address = "Amsterdam, Netherlands",
    publisher = "Special Interest Group on Controlled Natural Language",
    url = "https://aclanthology.org/2021.cnl-1.4"
}

@inproceedings{cnl2021schwitter,
    title = "The Grammar of PENG ASP Explained",
    author = "Schwitter, Rolf",
    booktitle = "Proceedings of the Seventh International Workshop on Controlled Natural Language (CNL 2020/21)",
    month = sep,
    year = "2021",
    address = "Amsterdam, Netherlands",
    publisher = "Special Interest Group on Controlled Natural Language",
    url = "https://aclanthology.org/2021.cnl-1.5"
}

@inproceedings{cnl2021corsius,
    title = "RegelSpraak: a CNL for Executable Tax Rules Specification",
    author = "Corsius, Mischa  and
      Hoppenbrouwers, Stijn  and
      Lokin, Mariette  and
      Baars, Elian  and
      Sangers-Van Cappellen, Gertrude  and
      Wilmont, Ilona",
    booktitle = "Proceedings of the Seventh International Workshop on Controlled Natural Language (CNL 2020/21)",
    month = sep,
    year = "2021",
    address = "Amsterdam, Netherlands",
    publisher = "Special Interest Group on Controlled Natural Language",
    url = "https://aclanthology.org/2021.cnl-1.6"
}

@inproceedings{cnl2021fuchs1,
    title = "The Law of Inertia and the Frame Problem in Attempto Controlled English",
    author = "Fuchs, Norbert E.",
    booktitle = "Proceedings of the Seventh International Workshop on Controlled Natural Language (CNL 2020/21)",
    month = sep,
    year = "2021",
    address = "Amsterdam, Netherlands",
    publisher = "Special Interest Group on Controlled Natural Language",
    url = "https://aclanthology.org/2021.cnl-1.7"
}

@inproceedings{cnl2021fuchs2,
    title = "Reasoning in Attempto Controlled English: Mathematical and Functional Extensions",
    author = "Fuchs, Norbert E.",
    booktitle = "Proceedings of the Seventh International Workshop on Controlled Natural Language (CNL 2020/21)",
    month = sep,
    year = "2021",
    address = "Amsterdam, Netherlands",
    publisher = "Special Interest Group on Controlled Natural Language",
    url = "https://aclanthology.org/2021.cnl-1.8"
}

@inproceedings{cnl2021wilmont,
    title = "A quality evaluation framework for a CNL for agile law execution",
    author = "Wilmont, Ilona  and
      Dulfer, Diederik  and
      Hof, Jan  and
      Corsius, Mischa  and
      Hoppenbrouwers, Stijn",
    booktitle = "Proceedings of the Seventh International Workshop on Controlled Natural Language (CNL 2020/21)",
    month = sep,
    year = "2021",
    address = "Amsterdam, Netherlands",
    publisher = "Special Interest Group on Controlled Natural Language",
    url = "https://aclanthology.org/2021.cnl-1.9"
}

@inproceedings{cnl2021listenmaa,
    title = "Towards CNL-based verbalization of computational contracts",
    author = "Listenmaa, Inari  and
      Hanafiah, Maryam  and
      Cheong, Regina  and
      K\"allberg, Andreas",
    booktitle = "Proceedings of the Seventh International Workshop on Controlled Natural Language (CNL 2020/21)",
    month = sep,
    year = "2021",
    address = "Amsterdam, Netherlands",
    publisher = "Special Interest Group on Controlled Natural Language",
    url = "https://aclanthology.org/2021.cnl-1.10"
}

@inproceedings{cnl2021antia,
    title = "Assessing and Enhancing Bottom-up CNL Design for Competency Questions for Ontologies",
    author = "Antia, Mary-Jane  and
      Keet, C. Maria",
    booktitle = "Proceedings of the Seventh International Workshop on Controlled Natural Language (CNL 2020/21)",
    month = sep,
    year = "2021",
    address = "Amsterdam, Netherlands",
    publisher = "Special Interest Group on Controlled Natural Language",
    url = "https://aclanthology.org/2021.cnl-1.11"
}

@inproceedings{cnl2021salam,
    title = "Human-understandable and Machine-processable Explanations for Sub-symbolic Predictions",
    author = "Salam, Abdus  and
      Schwitter, Rolf  and
      Orgun, Mehmet",
    booktitle = "Proceedings of the Seventh International Workshop on Controlled Natural Language (CNL 2020/21)",
    month = sep,
    year = "2021",
    address = "Amsterdam, Netherlands",
    publisher = "Special Interest Group on Controlled Natural Language",
    url = "https://aclanthology.org/2021.cnl-1.12"
}

@inproceedings{cnl2021rutledge,
    title = "Toward a Reference Architecture for Traceability in SBVR-based Systems",
    author = "Rutledge, Lloyd  and
      Italiaander, Rudy",
    booktitle = "Proceedings of the Seventh International Workshop on Controlled Natural Language (CNL 2020/21)",
    month = sep,
    year = "2021",
    address = "Amsterdam, Netherlands",
    publisher = "Special Interest Group on Controlled Natural Language",
    url = "https://aclanthology.org/2021.cnl-1.13"
}

@inproceedings{cnl2021lengeling,
    title = "Facilitating the application of Controlled Natural Language (CNL) to standardize communication in logistics and supply chain management",
    author = "Lengeling, Joel Cedric",
    booktitle = "Proceedings of the Seventh International Workshop on Controlled Natural Language (CNL 2020/21)",
    month = sep,
    year = "2021",
    address = "Amsterdam, Netherlands",
    publisher = "Special Interest Group on Controlled Natural Language",
    url = "https://aclanthology.org/2021.cnl-1.14"
}

@inproceedings{cnl2021byamugisha,
    title = "A CNL-based Method for Detecting Disease Negation",
    author = "Byamugisha, Joan  and
      Khalo, Nomonde",
    booktitle = "Proceedings of the Seventh International Workshop on Controlled Natural Language (CNL 2020/21)",
    month = sep,
    year = "2021",
    address = "Amsterdam, Netherlands",
    publisher = "Special Interest Group on Controlled Natural Language",
    url = "https://aclanthology.org/2021.cnl-1.15"
}

@inproceedings{cnl2021hsiao,
    title = "Multi-Phase Context Vectors for Generating Feedback for Natural-Language Based Programming",
    author = "Hsiao, Michael",
    booktitle = "Proceedings of the Seventh International Workshop on Controlled Natural Language (CNL 2020/21)",
    month = sep,
    year = "2021",
    address = "Amsterdam, Netherlands",
    publisher = "Special Interest Group on Controlled Natural Language",
    url = "https://aclanthology.org/2021.cnl-1.16"
}

