@inproceedings{cnl2021lengeling,
    title = "Facilitating the application of Controlled Natural Language (CNL) to standardize communication in logistics and supply chain management",
    author = "Lengeling, Joel Cedric",
    booktitle = "Proceedings of the Seventh International Workshop on Controlled Natural Language (CNL 2020/21)",
    month = sep,
    year = "2021",
    address = "Amsterdam, Netherlands",
    publisher = "Special Interest Group on Controlled Natural Language",
    url = "https://aclanthology.org/2021.cnl-1.14"
}
