@inproceedings{cnl2021listenmaa,
    title = "Towards CNL-based verbalization of computational contracts",
    author = "Listenmaa, Inari  and
      Hanafiah, Maryam  and
      Cheong, Regina  and
      K\"allberg, Andreas",
    booktitle = "Proceedings of the Seventh International Workshop on Controlled Natural Language (CNL 2020/21)",
    month = sep,
    year = "2021",
    address = "Amsterdam, Netherlands",
    publisher = "Special Interest Group on Controlled Natural Language",
    url = "https://aclanthology.org/2021.cnl-1.10"
}
