@inproceedings{cnl2021corsius,
    title = "RegelSpraak: a CNL for Executable Tax Rules Specification",
    author = "Corsius, Mischa  and
      Hoppenbrouwers, Stijn  and
      Lokin, Mariette  and
      Baars, Elian  and
      Sangers-Van Cappellen, Gertrude  and
      Wilmont, Ilona",
    booktitle = "Proceedings of the Seventh International Workshop on Controlled Natural Language (CNL 2020/21)",
    month = sep,
    year = "2021",
    address = "Amsterdam, Netherlands",
    publisher = "Special Interest Group on Controlled Natural Language",
    url = "https://aclanthology.org/2021.cnl-1.6"
}
