@inproceedings{cnl2021marais,
    title = "Approximating a Zulu GF concrete syntax with a neural network for natural language understanding",
    author = "Marais, Laurette",
    booktitle = "Proceedings of the Seventh International Workshop on Controlled Natural Language (CNL 2020/21)",
    month = sep,
    year = "2021",
    address = "Amsterdam, Netherlands",
    publisher = "Special Interest Group on Controlled Natural Language",
    url = "https://aclanthology.org/2021.cnl-1.4"
}
