@inproceedings{cnl2021masciolini,
    title = "Grammar-Based Concept Alignment for Domain-Specific Machine Translation",
    author = "Masciolini, Arianna  and
      Ranta, Aarne",
    booktitle = "Proceedings of the Seventh International Workshop on Controlled Natural Language (CNL 2020/21)",
    month = sep,
    year = "2021",
    address = "Amsterdam, Netherlands",
    publisher = "Special Interest Group on Controlled Natural Language",
    url = "https://aclanthology.org/2021.cnl-1.2"
}
