@inproceedings{cnl2021salam,
    title = "Human-understandable and Machine-processable Explanations for Sub-symbolic Predictions",
    author = "Salam, Abdus  and
      Schwitter, Rolf  and
      Orgun, Mehmet",
    booktitle = "Proceedings of the Seventh International Workshop on Controlled Natural Language (CNL 2020/21)",
    month = sep,
    year = "2021",
    address = "Amsterdam, Netherlands",
    publisher = "Special Interest Group on Controlled Natural Language",
    url = "https://aclanthology.org/2021.cnl-1.12"
}
