@inproceedings{cnl2021rutledge,
    title = "Toward a Reference Architecture for Traceability in SBVR-based Systems",
    author = "Rutledge, Lloyd  and
      Italiaander, Rudy",
    booktitle = "Proceedings of the Seventh International Workshop on Controlled Natural Language (CNL 2020/21)",
    month = sep,
    year = "2021",
    address = "Amsterdam, Netherlands",
    publisher = "Special Interest Group on Controlled Natural Language",
    url = "https://aclanthology.org/2021.cnl-1.13"
}
