@inproceedings{cnl2021jahchan,
    title = "Towards a More Natural Controlled Language in Future Airbus Cockpits. A Psycho-linguistic Evaluation",
    author = "Jahchan, Nataly  and
      Condamines, Anne  and
      Cannesson, Emmanuelle  and
      Giraudo, Helene",
    booktitle = "Proceedings of the Seventh International Workshop on Controlled Natural Language (CNL 2020/21)",
    month = sep,
    year = "2021",
    address = "Amsterdam, Netherlands",
    publisher = "Special Interest Group on Controlled Natural Language",
    url = "https://aclanthology.org/2021.cnl-1.1"
}
